@ARTICLE{makarem_a,
   author = {{Makarem}, L.},
    title = {Decentralised multi-robot coordination in crowded workspaces},
     year = 2015,
    month = feb,
}

@ARTICLE{makarem_b,
   author = {{Makarem}, L. and {Kneib}, J-P. and {Gillet}, D.},
    title = {Collision-Free Coordination of Fiber Positioners in Multi-object Spectrographs},
     year = 2015,
    month = feb,
}

@ARTICLE{makarem_c,
   author = {{Makarem}, L. and {Kneib}, J-P. and {Gillet}, D.},
    title = {Collision avoidance in next-generation fiber positioner robotic systems for large survey spectrographs},
     year = 2014,
    month = feb,
    journal = {Astronomy & Astrophysics},
    adsurl = {https://www.aanda.org/articles/aa/pdf/2014/06/aa23202-13.pdf},
    volume = 566,
      doi = {10.1051/0004-6361/201323202},
}